@article{jacobson1995,
  author  = {Jacobson, Ted},
  title   = {Thermodynamics of Spacetime: The {Einstein} Equation of State},
  journal = {Physical Review Letters},
  year    = {1995},
  volume  = {75},
  pages   = {1260--1263},
  doi     = {10.1103/PhysRevLett.75.1260}
}

@article{padmanabhan2010,
  author  = {Padmanabhan, T.},
  title   = {Thermodynamical Aspects of Gravity: New insights},
  journal = {Reports on Progress in Physics},
  year    = {2010},
  volume  = {73},
  number  = {4},
  pages   = {046901},
  doi     = {10.1088/0034-4885/73/4/046901}
}

@article{verlinde2011,
  author  = {Verlinde, Erik},
  title   = {On the Origin of Gravity and the Laws of {Newton}},
  journal = {Journal of High Energy Physics},
  year    = {2011},
  volume  = {2011},
  number  = {4},
  pages   = {29},
  doi     = {10.1007/JHEP04(2011)029}
}

@article{page1983,
  author  = {Page, Don N. and Wootters, William K.},
  title   = {Evolution without evolution: Dynamics described by stationary observables},
  journal = {Physical Review D},
  year    = {1983},
  volume  = {27},
  number  = {12},
  pages   = {2885--2892},
  doi     = {10.1103/PhysRevD.27.2885}
}

@article{moreva2014,
  author  = {Moreva, Elena and Brida, Giorgio and Gramegna, Marco and Giovannetti, Vittorio and Maccone, Lorenzo and Genovese, Marco},
  title   = {Time from quantum entanglement: an experimental illustration},
  journal = {Physical Review A},
  year    = {2014},
  volume  = {89},
  number  = {5},
  pages   = {052122},
  doi     = {10.1103/PhysRevA.89.052122}
}

@incollection{gellmann-hartle1990,
  author    = {Gell-Mann, Murray and Hartle, James B.},
  title     = {Quantum Mechanics in the Light of Quantum Cosmology},
  booktitle = {Complexity, Entropy and the Physics of Information},
  editor    = {Zurek, Wojciech H.},
  publisher = {Addison-Wesley},
  address   = {Redwood City},
  year      = {1990}
}

@article{zurek2009,
  author  = {Zurek, Wojciech H.},
  title   = {{Quantum Darwinism}},
  journal = {Nature Physics},
  year    = {2009},
  volume  = {5},
  pages   = {181--188},
  doi     = {10.1038/nphys1202}
}

@article{diosi1987,
  author  = {Diósi, Lajos},
  title   = {A universal master equation for the gravitational violation of quantum mechanics},
  journal = {Physics Letters A},
  year    = {1987},
  volume  = {120},
  number  = {8},
  pages   = {377--381},
  doi     = {10.1016/0375-9601(87)90681-5}
}

@article{penrose1996,
  author  = {Penrose, Roger},
  title   = {On gravity’s role in quantum state reduction},
  journal = {General Relativity and Gravitation},
  year    = {1996},
  volume  = {28},
  pages   = {581--600},
  doi     = {10.1007/BF02105068}
}

@article{bekenstein1973,
  author  = {Bekenstein, Jacob D.},
  title   = {Black Holes and Entropy},
  journal = {Physical Review D},
  year    = {1973},
  volume  = {7},
  pages   = {2333--2346},
  doi     = {10.1103/PhysRevD.7.2333}
}

@article{unruh1976,
  author  = {Unruh, William G.},
  title   = {Notes on black-hole evaporation},
  journal = {Physical Review D},
  year    = {1976},
  volume  = {14},
  pages   = {870--892},
  doi     = {10.1103/PhysRevD.14.870}
}

@article{danielson2023,
  author  = {Danielson, Daine L. and Satishchandran, Gautam and Wald, Robert M.},
  title   = {Killing horizons decohere quantum superpositions},
  journal = {Physical Review D},
  year    = {2023},
  volume  = {108},
  number  = {2},
  pages   = {025007},
  doi     = {10.1103/PhysRevD.108.025007}
}

@article{danielson2025,
  author  = {Danielson, Daine L. and Satishchandran, Gautam and Wald, Robert M.},
  title   = {Local description of decoherence of quantum superpositions by black holes and other bodies},
  journal = {Physical Review D},
  year    = {2025},
  volume  = {111},
  number  = {2},
  pages   = {025014},
  doi     = {10.1103/PhysRevD.111.025014}
}

@misc{gralla2023,
  author       = {Gralla, Samuel E.},
  title        = {Decoherence from horizons: General considerations and applications to {Kerr}},
  year         = {2023},
  eprint       = {2311.11461},
  archivePrefix= {arXiv},
  primaryClass = {gr-qc},
  url          = {https://arxiv.org/abs/2311.11461}
}

@misc{biggs2024,
  author       = {Biggs, Anna and Maldacena, Juan},
  title        = {Comparing the decoherence effects due to black holes versus ordinary matter},
  year         = {2024},
  eprint       = {2405.02227},
  archivePrefix= {arXiv},
  primaryClass = {hep-th},
  url          = {https://arxiv.org/abs/2405.02227}
}

@article{penrose1965,
  author  = {Penrose, Roger},
  title   = {Gravitational Collapse and Space-Time Singularities},
  journal = {Physical Review Letters},
  year    = {1965},
  volume  = {14},
  pages   = {57--59},
  doi     = {10.1103/PhysRevLett.14.57}
}

@book{hawking1973,
  author    = {Hawking, Stephen W. and Ellis, George F. R.},
  title     = {The Large Scale Structure of Space-Time},
  publisher = {Cambridge University Press},
  year      = {1973},
  doi       = {10.1017/CBO9780511524646}
}

@article{zurek2003,
  author  = {Zurek, Wojciech H.},
  title   = {Decoherence, einselection, and the quantum origins of the classical},
  journal = {Reviews of Modern Physics},
  year    = {2003},
  volume  = {75},
  pages   = {715--775},
  doi     = {10.1103/RevModPhys.75.715}
}

@article{zurek2001preprint,
  title={Decoherence, einselection, and the quantum origins of the classical},
  author={Zurek, Wojciech H.},
  journal={arXiv preprint quant-ph/0105127},
  year={2001}
}

@book{carroll2010,
  author    = {Carroll, Sean},
  title     = {From Eternity to Here: The Quest for the Ultimate Theory of Time},
  publisher = {Dutton},
  year      = {2010},
  isbn      = {9780525951339}
}

@book{misner1973,
  author    = {Misner, Charles W. and Thorne, Kip S. and Wheeler, John Archibald},
  title     = {Gravitation},
  publisher = {W. H. Freeman},
  year      = {1973},
  isbn      = {9780716703440}
}

@book{penrose1989,
  author    = {Penrose, Roger},
  title     = {The Emperor's New Mind},
  publisher = {Oxford University Press},
  year      = {1989},
  isbn      = {9780198519737}
}

@article{hawking1976,
  author  = {Hawking, Stephen W.},
  title   = {Breakdown of Predictability in Gravitational Collapse},
  journal = {Physical Review D},
  year    = {1976},
  volume  = {14},
  pages   = {2460--2473},
  doi     = {10.1103/PhysRevD.14.2460}
}

@article{weinberg1974,
  author  = {Weinberg, Steven},
  title   = {Gauge and Global Symmetries at High Temperature},
  journal = {Physical Review D},
  year    = {1974},
  volume  = {9},
  number  = {12},
  pages   = {3357--3378},
  doi     = {10.1103/PhysRevD.9.3357}
}

@article{guth1981,
  author  = {Guth, Alan H.},
  title   = {Inflationary universe: A possible solution to the horizon and flatness problems},
  journal = {Physical Review D},
  year    = {1981},
  volume  = {23},
  number  = {2},
  pages   = {347--356},
  doi     = {10.1103/PhysRevD.23.347}
}

@book{prigogine1984,
  author    = {Prigogine, Ilya and Stengers, Isabelle},
  title     = {Order Out of Chaos: Man's New Dialogue with Nature},
  publisher = {Bantam Books},
  year      = {1984},
  isbn      = {9780553340822},
  note      = {Developed from lectures and papers in the late 1970s}
}

@article{mukhanov1981,
  author  = {Mukhanov, Viatcheslav F. and Chibisov, G. V.},
  title   = {Quantum fluctuations and a nonsingular universe},
  journal = {JETP Letters},
  year    = {1981},
  volume  = {33},
  pages   = {532--535},
  url     = {http://www.jetpletters.ac.ru/ps/1532/article_23403.shtml},
  note    = {In Russian; English translation in Soviet Physics {JETP} Letters, 33, 532--535 (1981)}
}

@book{schlosshauer2007,
  title     = {Decoherence and the Quantum-to-Classical Transition},
  author    = {Schlosshauer, Maximilian},
  year      = {2007},
  publisher = {Springer},
  doi       = {10.1007/978-3-540-35775-9}
}

@article{boltzmann1896,
  author  = {Boltzmann, Ludwig},
  title   = {Entgegnung auf die w{\"a}rmetheoretischen Betrachtungen des Hrn. E. Zermelo},
  journal = {Annalen der Physik},
  year    = {1896},
  volume  = {293},
  number  = {3},
  pages   = {773--784},
  doi     = {10.1002/andp.18962930316},
  note    = {In German; contains discussion of fluctuation hypothesis}
}

@incollection{boltzmann1896english,
  author    = {Boltzmann, Ludwig},
  title     = {Reply to Zermelo's Remarks on the Theory of Heat},
  booktitle = {The Kinetic Theory of Gases: An Anthology of Classic Papers with Historical Commentary},
  editor    = {Brush, Stephen G.},
  publisher = {Pergamon Press},
  year      = {1966},
  pages     = {262--270},
  note      = {English translation of Boltzmann (1896) with commentary}
}

@article{bertone2018,
  author  = {Bertone, Gianfranco and Hooper, Dan},
  title   = {History of dark matter},
  journal = {Reviews of Modern Physics},
  year    = {2018},
  volume  = {90},
  number  = {4},
  pages   = {045002},
  doi     = {10.1103/RevModPhys.90.045002}
}

@article{susskind2018,
  author  = {Susskind, Leonard},
  title   = {Three Lectures on Complexity and Black Holes},
  journal = {Springer Lecture Notes in Physics},
  year    = {2018},
  volume  = {231},
  pages   = {57--102},
  doi     = {10.1007/978-3-319-94493-7_2}
}

@article{lloyd2000,
  author  = {Lloyd, Seth},
  title   = {Ultimate physical limits to computation},
  journal = {Nature},
  year    = {2000},
  volume  = {406},
  pages   = {1047--1054},
  doi     = {10.1038/35023282}
}

@article{ng2003,
  author  = {Ng, Y. Jack},
  title   = {Spacetime foam: from entropy and holography to infinite statistics and nonlocality},
  journal = {Entropy},
  year    = {2003},
  volume  = {5},
  number  = {3},
  pages   = {200--221},
  doi     = {10.3390/e5030200}
}

@book{carroll2008,
  author       = {Sean Carroll},
  title        = {Spacetime and Geometry: An Introduction to General Relativity},
  year         = {2008},
  publisher    = {Cambridge University Press},
  isbn         = {9780521887052},
  url          = {https://doi.org/10.1017/CBO9780511791391},
  doi          = {10.1017/CBO9780511791391}
}

@incollection{gellmann1990,
  author       = {Murray Gell-Mann and James B. Hartle},
  title        = {Quantum Mechanics in the Light of Quantum Cosmology},
  booktitle    = {Complexity, Entropy and the Physics of Information},
  editor       = {Wojciech H. Zurek},
  year         = {1990},
  publisher    = {Addison-Wesley},
  pages        = {425--458},
  note         = {Santa Fe Institute Studies in the Sciences of Complexity, Vol. VIII}
}

@article{zwicky1933,
  author  = {Zwicky, Fritz},
  title   = {Die Rotverschiebung von extragalaktischen Nebeln},
  journal = {Helvetica Physica Acta},
  year    = {1933},
  volume  = {6},
  pages   = {110--127}
}

@article{rubin1970,
  author  = {Rubin, Vera C. and Ford, W. Kent},
  title   = {Rotation of the Andromeda Nebula from a Spectroscopic Survey of Emission Regions},
  journal = {The Astrophysical Journal},
  year    = {1970},
  volume  = {159},
  pages   = {379--403},
  doi     = {10.1086/150317}
}

@article{rubin1980,
  author  = {Rubin, Vera C. and Ford, W. Kent and Thonnard, Norbert},
  title   = {Rotational properties of 21 {Sc} galaxies with a large range of luminosities and radii, from {NGC} 4605 ({R}=4 {kpc}) to {UGC} 2885 ({R}=122 {kpc})},
  journal = {The Astrophysical Journal},
  year    = {1980},
  volume  = {238},
  pages   = {471--487},
  doi     = {10.1086/158003}
}

@article{blumenthal1984,
  author  = {Blumenthal, George R. and Faber, S. M. and Primack, Joel R. and Rees, Martin J.},
  title   = {Formation of Galaxies and Large-Scale Structure with Cold Dark Matter},
  journal = {Nature},
  year    = {1984},
  volume  = {311},
  pages   = {517--525},
  doi     = {10.1038/311517a0}
}

@article{zwicky1937,
  author  = {Zwicky, Fritz},
  title   = {On the Masses of Nebulae and of Clusters of Nebulae},
  journal = {The Astrophysical Journal},
  year    = {1937},
  volume  = {86},
  pages   = {217--246},
  doi     = {10.1086/143864}
}

@article{clowe2006,
  author  = {Clowe, Douglas and Brada{\v{c}}, Maru{\v{s}}a and Gonzalez, Anthony H. and Markevitch, Maxim and Randall, Scott W. and Jones, Christine and Zaritsky, Dennis},
  title   = {A direct empirical proof of the existence of dark matter},
  journal = {The Astrophysical Journal Letters},
  year    = {2006},
  volume  = {648},
  number  = {2},
  pages   = {L109--L113},
  doi     = {10.1086/508162}
}

@article{shannon1949,
  author = {Shannon, Claude E.},
  title = {Communication in the Presence of Noise},
  journal = {Proceedings of the IRE},
  year = {1949},
  volume = {37},
  number = {1},
  pages = {10--21},
  doi = {10.1109/JRPROC.1949.232969}
}

@article{nyquist1928,
  author = {Nyquist, Harry},
  title = {Certain Topics in Telegraph Transmission Theory},
  journal = {Transactions of the American Institute of Electrical Engineers},
  year = {1928},
  volume = {47},
  number = {2},
  pages = {617--644},
  doi = {10.1109/T-AIEE.1928.5055024}
}



@book{penrose1994,
  author    = {Roger Penrose},
  title     = {Shadows of the Mind: A Search for the Missing Science of Consciousness},
  year      = {1994},
  publisher = {Oxford University Press},
  address   = {Oxford, UK}
}

@article{zwicky1933,
  author  = {Fritz Zwicky},
  title   = {Die Rotverschiebung von extragalaktischen Nebeln},
  journal = {Helvetica Physica Acta},
  year    = {1933},
  volume  = {6},
  pages   = {110--127}
}

@article{rubin1970,
  author  = {Vera C. Rubin and W. Kent Ford Jr.},
  title   = {Rotation of the Andromeda Nebula from a Spectroscopic Survey of Emission Regions},
  journal = {Astrophysical Journal},
  year    = {1970},
  volume  = {159},
  pages   = {379--403}
}

@article{rubin1980,
  author  = {Vera C. Rubin, N. Thonnard, and W. Kent Ford Jr.},
  title   = {Rotational properties of 21 SC galaxies with a large range of luminosities and radii, from NGC 4605 /R = 4kpc/ to UGC 2885 /R = 122kpc/},
  journal = {Astrophysical Journal},
  year    = {1980},
  volume  = {238},
  pages   = {471--487}
}

@article{glashow1961,
  author  = {Sheldon L. Glashow},
  title   = {Partial-symmetries of weak interactions},
  journal = {Nuclear Physics},
  volume  = {22},
  number  = {4},
  pages   = {579--588},
  year    = {1961},
  doi     = {10.1016/0029-5582(61)90469-2}
}

@article{gross1973,
  author  = {David J. Gross and Frank Wilczek},
  title   = {Ultraviolet Behavior of Non-Abelian Gauge Theories},
  journal = {Physical Review Letters},
  volume  = {30},
  number  = {26},
  pages   = {1343--1346},
  year    = {1973},
  doi     = {10.1103/PhysRevLett.30.1343}
}

@article{higgs1964,
  author  = {Peter W. Higgs},
  title   = {Broken Symmetries and the Masses of Gauge Bosons},
  journal = {Physical Review Letters},
  volume  = {13},
  number  = {16},
  pages   = {508--509},
  year    = {1964},
  doi     = {10.1103/PhysRevLett.13.508}
}

@article{politzer1973,
  author  = {H. David Politzer},
  title   = {Reliable Perturbative Results for Strong Interactions?},
  journal = {Physical Review Letters},
  volume  = {30},
  number  = {26},
  pages   = {1346--1349},
  year    = {1973},
  doi     = {10.1103/PhysRevLett.30.1346}
}

@article{weinberg1967,
  author  = {Steven Weinberg},
  title   = {A Model of Leptons},
  journal = {Physical Review Letters},
  volume  = {19},
  number  = {21},
  pages   = {1264--1266},
  year    = {1967},
  doi     = {10.1103/PhysRevLett.19.1264}
}

@article{wilczek2005,
  title={Asymptotic freedom: From paradox to paradigm},
  author={Wilczek, Frank},
  journal={Proceedings of the National Academy of Sciences},
  volume={102},
  number={26},
  pages={8403--8413},
  year={2005},
  publisher={National Acad Sciences},
  doi={10.1073/pnas.0503068102}
}

@article{peskin2015,
  title={Concepts of electroweak symmetry breaking},
  author={Peskin, Michael E.},
  journal={Ann. Rev. Nucl. Part. Sci.},
  volume={65},
  pages={95--117},
  year={2015},
  doi={10.1146/annurev-nucl-102014-021910}
}

@book{gellmann1964,
  title={The Eightfold Way: A Theory of Strong Interaction Symmetry},
  author={Gell-Mann, Murray and Ne'eman, Yuval},
  year={1964},
  publisher={Benjamin}
}

@book{baumann2009,
  title        = {TASI Lectures on Inflation},
  author       = {Baumann, Daniel},
  year         = {2009},
  publisher    = {World Scientific},
  series       = {TASI 2009 Lecture Notes},
  note         = {arXiv:0907.5424},
  url          = {https://arxiv.org/abs/0907.5424}
}

@article{brandenberger2011,
  title        = {Alternatives to the Inflationary Paradigm of Structure Formation},
  author       = {Brandenberger, Robert H.},
  journal      = {International Journal of Modern Physics: Conference Series},
  volume       = {01},
  pages        = {67--79},
  year         = {2011},
  doi          = {10.1142/S2010194511000109},
  note         = {arXiv:0902.4731}
}

@article{linde1982,
  title        = {A New Inflationary Universe Scenario: A Possible Solution of the Horizon, Flatness, Homogeneity, Isotropy and Primordial Monopole Problems},
  author       = {Linde, Andrei D.},
  journal      = {Physics Letters B},
  volume       = {108},
  number       = {6},
  pages        = {389--393},
  year         = {1982},
  doi          = {10.1016/0370-2693(82)91219-9}
}

@article{steinhardt2002,
  title        = {A Cyclic Model of the Universe},
  author       = {Steinhardt, Paul J. and Turok, Neil},
  journal      = {Science},
  volume       = {296},
  number       = {5572},
  pages        = {1436--1439},
  year         = {2002},
  doi          = {10.1126/science.1070462}
}



@book{carroll2008,
  title={From Eternity to Here: The Quest for the Ultimate Theory of Time},
  author={Carroll, Sean},
  year={2010},
  publisher={Dutton},
  address={New York}
}

@article{zwicky1933,
  title={Die Rotverschiebung von extragalaktischen Nebeln},
  author={Zwicky, Fritz},
  journal={Helvetica Physica Acta},
  volume={6},
  pages={110--127},
  year={1933}
}

@article{rubin1970,
  title={Rotation of the Andromeda Nebula from a Spectroscopic Survey of Emission Regions},
  author={Rubin, Vera C. and Ford Jr, W. Kent},
  journal={The Astrophysical Journal},
  volume={159},
  pages={379--403},
  year={1970},
  doi={10.1086/150317}
}

@article{clowe2006,
  title={A direct empirical proof of the existence of dark matter},
  author={Clowe, Douglas and Bradac, Marusa and Gonzalez, Anthony H. and Markevitch, Maxim and Randall, Scott W. and Jones, Christine and Zaritsky, Dennis},
  journal={The Astrophysical Journal Letters},
  volume={648},
  number={2},
  pages={L109--L113},
  year={2006},
  doi={10.1086/508162}
}

@book{smolin1997life,
  title     = {The Life of the Cosmos},
  author    = {Smolin, Lee},
  year      = {1997},
  publisher = {Oxford University Press},
  address   = {Oxford, UK}
}

@incollection{wheeler1990itfrombit,
  title     = {Information, Physics, Quantum: The Search for Links},
  author    = {Wheeler, John Archibald},
  booktitle = {Complexity, Entropy, and the Physics of Information},
  editor    = {Zurek, Wojciech H.},
  year      = {1990},
  publisher = {Addison-Wesley},
  address   = {Redwood City, CA}
}

@book{lloyd2006programming,
  title     = {Programming the Universe: A Quantum Computer Scientist Takes on the Cosmos},
  author    = {Lloyd, Seth},
  year      = {2006},
  publisher = {Knopf},
  address   = {New York}
}

@article{hardy2001axioms,
  title     = {Quantum theory from five reasonable axioms},
  author    = {Hardy, Lucien},
  journal   = {arXiv preprint quant-ph/0101012},
  year      = {2001},
  eprint    = {quant-ph/0101012}
}

@article{chiribella2011informational,
  title     = {Informational derivation of quantum theory},
  author    = {Chiribella, Giulio and D’Ariano, Giacomo Mauro and Perinotti, Paolo},
  journal   = {Physical Review A},
  volume    = {84},
  number    = {1},
  pages     = {012311},
  year      = {2011},
  publisher = {APS}
}

@article{banados2018quasar,
  title     = {An 800-million-solar-mass black hole in a significantly neutral Universe at a redshift of 7.5},
  author    = {Bañados, Eduardo and Venemans, Bram P. and Mazzucchelli, Chiara and others},
  journal   = {Nature},
  volume    = {553},
  pages     = {473--476},
  year      = {2018},
  publisher = {Nature Publishing Group}
}

@article{inayoshi2020assembly,
  title     = {The Assembly of the First Massive Black Holes},
  author    = {Inayoshi, Kohei and Visbal, Eli and Haiman, Zoltán},
  journal   = {Annual Review of Astronomy and Astrophysics},
  volume    = {58},
  pages     = {27--97},
  year      = {2020}
}

@article{lopez2023smbh,
  title     = {Supermassive black holes from dark matter overdensities},
  author    = {L{\'o}pez-Honorez, Laura and others},
  journal   = {Physical Review D},
  volume    = {107},
  number    = {4},
  pages     = {043502},
  year      = {2023},
  publisher = {APS}
}

@misc{wikipedia_quantum_decoherence,
  title = {Quantum Decoherence},
  author = {{Wikipedia contributors}},
  note = {Wikipedia, The Free Encyclopedia. Retrieved August 29, 2025, from \url{https://en.wikipedia.org/wiki/Quantum_decoherence}}
}

@article{vacchini2005master,
  title={Master-Equations for the Study of Decoherence},
  author={Vacchini, Bassano},
  journal={International Journal of Theoretical Physics},
  volume={44},
  number={7},
  pages={1011--1021},
  year={2005},
  doi={10.1007/s10773-005-7077-4}
}

@article{tegmark1999decoherence,
  title={Decoherence within a simple Model for the Environment},
  author={Tegmark, Max},
  journal={arXiv preprint quant-ph/9907051},
  year={1999}
}
